@article{Benetos2012,
  title={A shift-invariant latent variable model for automatic music transcription},
  author={Benetos, Emmanouil and Dixon, Simon},
  journal={Computer Music Journal},
  volume={36},
  number={4},
  pages={81--94},
  year={2012},
  publisher={MIT Press}
}

@inproceedings{Benetos2013,
  title={An effcient shiftinvariant model for polyphonic music transcription},
  author={Benetos, Emmanouil and Cherla, Srikanth and Weyde, Tillman},
  booktitle={6th International Workshop on Machine Learning and Music},
  year={2013}
}

@article{Bengio1994,
  title={Learning long-term dependencies with gradient descent is difficult},
  author={Bengio, Yoshua and Simard, Patrice and Frasconi, Paolo},
  journal={Neural Networks, IEEE Transactions on},
  volume={5},
  number={2},
  pages={157--166},
  year={1994},
  publisher={IEEE}
}

@inproceedings{Boulanger-Lewandowski2012,
	Author = {N. Boulanger-Lewandowski and Y. Bengio and P. Vincent},
	Booktitle = {29th International Conference on Machine Learning},
	Address = {Edinburgh, Scotland, UK},
	Title = {Modeling Temporal Dependencies in High-Dimensional Sequences: Application to Polyphonic Music Generation and Transcription},
	Year = {2012}}

@inproceedings{Ewert2011,
  title={Score-Informed Voice Separation For Piano Recordings.},
  author={Ewert, Sebastian and M{\"u}ller, Meinard},
  booktitle={ISMIR},
  pages={245--250},
  year={2011}
}

@inproceedings{Ewert2012,
  title={Score-Informed Source Separation for Music Signals.},
  author={Ewert, Sebastian and M{\"u}ller, Meinard},
  booktitle={Multimodal Music Processing},
  pages={73--94},
  year={2012}
}

@book{Frey1998,
  title={Graphical models for machine learning and digital communication},
  author={Frey, Brendam J},
  year={1998},
  publisher={The MIT press}
}

@article{Hinton2002,
  title={Training products of experts by minimizing contrastive divergence},
  author={Hinton, Geoffrey E},
  journal={Neural computation},
  volume={14},
  number={8},
  pages={1771--1800},
  year={2002},
  publisher={MIT Press}
}

@article{Hochreiter1997,
  title={Long short-term memory},
  author={Hochreiter, Sepp and Schmidhuber, J{\"u}rgen},
  journal={Neural computation},
  volume={9},
  number={8},
  pages={1735--1780},
  year={1997},
  publisher={MIT Press}
}

@inproceedings{Jaeger2002,
  title={Adaptive nonlinear system identification with echo state networks},
  author={Jaeger, Herbert},
  booktitle={Advances in neural information processing systems},
  pages={593--600},
  year={2002}
}

@article{Larochelle2011,
  title={The neural autoregressive distribution estimator},
  author={Larochelle, Hugo and Murray, Iain},
  journal={Journal of Machine Learning Research},
  volume={15},
  pages={29--37},
  year={2011}
}

@inproceedings{Martens2011,
  title={Learning recurrent neural networks with Hessian-free optimization},
  author={Martens, James and Sutskever, Ilya},
  booktitle={Proceedings of the 28th International Conference on Machine Learning (ICML-11)},
  pages={1033--1040},
  year={2011}
}

@article{Neal1992,
  title={Connectionist learning of belief networks},
  author={Neal, Radford M},
  journal={Artificial intelligence},
  volume={56},
  number={1},
  pages={71--113},
  year={1992},
  publisher={Elsevier}
}

@article{Rabiner1993,
  title={Fundamentals of speech recognition},
  author={Rabiner, Lawrence and Juang, Biing-Hwang},
  year={1993},
  publisher={Prentice hall}
}

@inproceedings{Senturk2013,
  title={Score informed tonic identification for makam music of Turkey},
  author={Sent{\"u}rk, Sertan and Gulati, Sankalp and Serra, Xavier},
  booktitle={14th Int. Soc. for Music Info. Retrieval Conf. Curitiba, Brazil.(to appear)},
  volume={195},
  pages={206},
  year={2013}
}

@incollection{Smolensky1986,
author = {Smolensky, Paul},
chapter = {Information processing in dynamical systems: foundations of harmony theory},
title = {Parallel distributed processing: explorations in the microstructure of cognition, vol. 1},
editor = {Rumelhart, David E. and McClelland, James L. and PDP Research Group, CORPORATE},
year = {1986},
isbn = {0-262-68053-X},
pages = {194--281},
numpages = {88},
publisher = {MIT Press},
address = {Cambridge, MA, USA},
}

@inproceedings{Sutskever2008,
  title={The recurrent temporal restricted boltzmann machine},
  author={Sutskever, Ilya and Hinton, Geoffrey E and Taylor, Graham W},
  booktitle={Advances in Neural Information Processing Systems},
  pages={1601--1608},
  year={2008}
}

@article{Werbos1990,
  title={Backpropagation through time: what it does and how to do it},
  author={Werbos, Paul J},
  journal={Proceedings of the IEEE},
  volume={78},
  number={10},
  pages={1550--1560},
  year={1990},
  publisher={IEEE}
}

@article{Li1999,
	Author = {D. D. Li and H. S. Seung},
	Journal = {Nature},
	Month = oct,
	Pages = {788--791},
	Title = {Learning the parts of objects by non-negative matrix factorization},
	Volume = {401},
	Year = {1999}}

@inproceedings{Smaragdis2009,
  title={Separation by ``humming'': user-guided sound extraction from monophonic mixtures},
  author={P. Smaragdis and G. Mysore},
  booktitle=WASPAA09,
  address=adrWASPAA09,
  pages={69--72},
  month=oct,
  year={2009}
}

@Article{Shashanka2008,
  author =	 {M. Shashanka and B. Raj and P. Smaragdis},
  title =	 {Probabilistic latent variable models as nonnegative factorizations},
  journal =	 {Computational Intelligence and Neuroscience},
  year =	 {2008},
  note =	 {{A}rticle ID 947438}
}

@inproceedings{Schoerkhuber10,
	Address = {Barcelona, Spain},
	Author = {C. Sch{\"{o}}rkhuber and A. Klapuri},
	Booktitle = {7th Sound and Music Computing Conf.},
	Month = jul,
	Title = {Constant-{Q} transform toolbox for music processing},
	Year = {2010}}


@Article{Dempster77,
  author =	 {A. P. Dempster and N. M. Laird and D. B. Rubin},
  title =	 {Maximum likelihood from incomplete data via the {EM} algorithm},
  journal =	 {Journal of the Royal Statistical Society},
  year =	 "1977",
  volume =	 "39",
  number =	 "1",
  pages =	 "1-38"
}

@Article{Duan2010,
  author =	 {Z. Duan and B. Pardo and C. Zhang},
  title =	 {Multiple fundamental frequency estimation by modeling spectral peaks and non-peak regions},
  journal =	 {IEEE Transactions on Audio, Speech, and Language Processing},
  year =	 "2010",
  volume =	 "18",
  number =	 "8",
  pages =	 "2121--2133",
  month =	 nov
}


@INPROCEEDINGS{Goto2003,
  author =	 {M. Goto and H. Hashiguchi and T. Nishimura and R. Oka},
  title =	 {{RWC} music database: music genre database and musical instrument sound database},
  booktitle =	 {International Conference on Music Information Retrieval},
  address =	 {Baltimore, USA},
  month =	 oct,
  year =	 {2003}
}

@Misc{MIREX,
  title =	 {Music {I}nformation {R}etrieval {E}valuation e{X}change ({MIREX})},
  howpublished = {\url{http://music-ir.org/mirexwiki/}}
}

@article{Benetos2013b,
	author={E. Benetos and S. Dixon and D. Giannoulis and H. Kirchhoff and A. Klapuri},
	journal={Journal of Intelligent Information Systems}, 
	title={Automatic music transcription: challenges and future directions},
	volume={41},
	number={3},
	month=dec,
	year={2013},
	pages = {407--434},
	doi={10.1007/s10844-013-0258-3}}

@INPROCEEDINGS{Nam2011,
  author =	 {J. Nam and and J. Ngiam and H. Lee and M. Slaney},
  title =	 {A classification-based polyphonic piano transcription approach using learned feature representations},
  booktitle =	 {12th International Society for Music Information Retrieval Conference},
  pages =	 {175--180},
  address =	 {Miami, Florida, USA},
  month =	 oct,
  year =	 {2011}
}

@inproceedings{Smaragdis2006,
	Address = {Whistler, Canada},
	Author = {P. Smaragdis and B. Raj and Ma. Shashanka},
	Booktitle = {Neural Information Processing Systems Workshop},
	Month = dec,
	Title = {A probabilistic latent variable model for acoustic modeling},
	Year = {2006}}

@ARTICLE{Bertin2009,
  author =	 {N. Bertin and R. Badeau and E. Vincent},
  title =	 {Enforcing harmonicity and smoothness in Bayesian non-negative matrix factorization applied to polyphonic music transcription},
  journal =	 {IEEE Transactions on Audio, Speech, and Language Processing},
  volume = {18},
  number = {3},
  year = {2010},
  month = mar,
  pages = {538--549}
}

@INPROCEEDINGS{Boulanger-Lewandowski2013,
author={Boulanger-Lewandowski, N. and Bengio, Y. and Vincent, P.},
booktitle={2013 IEEE International Conference on Acoustics, Speech and Signal Processing (ICASSP)},
title={High-dimensional sequence transduction},
year={2013},
month={May},
pages={3178--3182}}

@INPROCEEDINGS{Bock2012,
author={Bock, S. and Schedl, M.},
booktitle={2012 IEEE International Conference on Acoustics, Speech and Signal Processing (ICASSP)},
title={Polyphonic piano note transcription with recurrent neural networks},
year={2012},
month={March},
pages={121--124}}

